% -----------------------
%   COMPANIES / SOFTWARE
% -----------------------

@misc{gitHub,
    author       = {{GitHub Inc}},
    title        = {GitHub},
    howpublished = {\url{https://github.com/}},
}

@misc{unity,
    author       = {{Unity Technologies}},
    title        = {Unity},
    howpublished = {\url{https://unity.com/}},
}

@misc{unrealEngine,
    author       = {{Epic Games, Inc.}},
    title        = {Unreal Engine},
    howpublished = {\url{https://www.unrealengine.com/}},
}

@misc{steam,
    author       = {{Valve Corporation}},
    title        = {Steam},
    year         = {2003},
    note         = {Digital distribution platform for video games},
    url          = {https://store.steampowered.com/}
}



% -----------------------
%   WEBSITES
% -----------------------

@misc{steamCatalogInsight2024,
    author       = {Newbie Indie Game Dev},
    title        = {Steam Catalog Insights},
    url          = {\url{https://github.com/NewbieIndieGameDev/steam-insights}},
}

@misc{nystromProcedural2014,
    author       = {Bob Nystrom},
    year         = {2014},
    title        = {Rooms and Mazes: A Procedural Dungeon Generator},
    url          = {\url{https://journal.stuffwithstuff.com/2014/12/21/rooms-and-mazes/}},
}



% -----------------------
%   THESES
% -----------------------

@misc{ljungdahl2020individual,
    title={Individual game development with open-source software - A case study with guidelines for programmers and game designers},
    author={Ljungdahl, Axel},
    year={2020}
}



% -----------------------
%   GAMES / PRODUCTS
% -----------------------

@misc{eldenRing2022,
  title        = {{Elden Ring}},
  author       = {{FromSoftware}},
  year         = {2022},
  publisher    = {{Bandai Namco Entertainment}},
}

@misc{necrodancer2015,
  title        = {{Crypt of the NecroDancer}},
  author       = {{Brace Yourself Games}},
  year         = {2015},
  publisher    = {{Brace Yourself Games}},
}

@misc{baldursgate2023,
  title = {{Baldur's Gate 3}},
  author = {{Larian Studios}},
  year = {2023},
  publisher = {Larian Studios},
  howpublished = {PC}
}

@misc{darksouls2011,
  title = {{Dark Souls} (franchise)},
  author = {{FromSoftware}},
  year = {2011–2016},
  publisher = {Bandai Namco Entertainment},
}

@misc{doom1993,
    title        = {{Doom}},
    year         = {1993},
    publisher    = {id Software},
    author       = {Romero, John and Carmack, John and others},
    howpublished = {PC}
}

@misc{tennisfortwo1958,
    title        = {{Tennis for Two}},
    author       = {Higinbotham, William},
    year         = {1958},
    howpublished = {Brookhaven National Laboratory, Oscilloscope},
}

@misc{spacewar1962,
    title        = {{Spacewar!}},
    author       = {Russell, Steve and Graetz, Martin and Wiitanen, Wayne},
    year         = {1962},
    howpublished = {DEC PDP-1 Computer},
}

@misc{pong1972,
  title        = {Pong},
  author       = {{Atari, Inc.}},
  year         = {1972},
  publisher    = {Atari, Inc.},
  howpublished = {Arcade}
}

@misc{deepRockGalactic2018,
  title        = {{Deep Rock Galactic}},
  author       = {{Ghost Ship Games}},
  year         = {2018},
  publisher    = {Coffee Stain Publishing},
  howpublished = {PC, Xbox, PlayStation}
}

@misc{escapeFromTarkov2017,
  title        = {{Escape from Tarkov}},
  author       = {{Battlestate Games}},
  year         = {2017},
  publisher    = {Battlestate Games},
  howpublished = {PC}
}

@misc{enterTheGungeon2016,
  title        = {{Enter the Gungeon}},
  author       = {{Dodge Roll}},
  year         = {2016},
  publisher    = {Devolver Digital},
  howpublished = {PC, PlayStation, Xbox, Switch}
}

@misc{theBindingOfIsaacRebirth2014,
  title        = {{The Binding of Isaac: Rebirth}},
  author       = {{McMillen, Edmund} and {Himsl, Florian}},
  year         = {2014},
  publisher    = {Nicalis},
  howpublished = {PC, PlayStation, Xbox, Switch}
}

@misc{hearthstone2014,
  title        = {{Hearthstone}},
  author       = {{Blizzard Entertainment}},
  year         = {2014},
  publisher    = {Blizzard Entertainment},
  howpublished = {PC, Mobile}
}

@misc{balatro2024,
  title        = {{Balatro}},
  author       = {{LocalThunk}},
  year         = {2024},
  publisher    = {Playstack},
  howpublished = {PC, PlayStation, Xbox, Switch}
}

@misc{gwent2018,
  title        = {{Gwent: The Witcher Card Game}},
  author       = {{CD Projekt Red}},
  year         = {2018},
  publisher    = {CD Projekt Red},
  howpublished = {PC, Mobile}
}

@misc{marvelSnap2022,
  title        = {{Marvel Snap}},
  author       = {{Second Dinner}},
  year         = {2022},
  publisher    = {Nuverse},
  howpublished = {PC, Mobile}
}

@misc{domeKeeper2022,
  title        = {{Dome Keeper}},
  author       = {{Bippinbits}},
  year         = {2022},
  publisher    = {Raw Fury},
  howpublished = {PC}
}

@misc{lethalCompany2023,
  title        = {{Lethal Company}},
  author       = {{Zeekerss}},
  year         = {2023},
  publisher    = {Zeekerss},
  howpublished = {PC}
}

@misc{samorost3_2016,
  title        = {{Samorost 3}},
  author       = {{Amanita Design}},
  year         = {2016},
  publisher    = {Amanita Design},
  howpublished = {PC, Mobile}
}

@misc{gimp,
  title        = {{GIMP}},
  author       = {{The GIMP Development Team}},
  year         = {1996},
  publisher    = {GNU Project},
  howpublished = {Software}
}

@misc{figma,
  title        = {{Figma}},
  author       = {{Figma, Inc.}},
  year         = {2016},
  publisher    = {Figma, Inc.},
  howpublished = {Software}
}

@misc{blender,
  title        = {{Blender}},
  author       = {{Blender Foundation}},
  year         = {1994},
  publisher    = {Blender Foundation},
  howpublished = {Software}
}

@misc{visualStudio,
  title        = {{Microsoft Visual Studio}},
  author       = {{Microsoft Corporation}},
  year         = {1997},
  publisher    = {Microsoft Corporation},
  howpublished = {Software}
}

@misc{visualStudioCode,
  title        = {{Visual Studio Code}},
  author       = {{Microsoft Corporation}},
  year         = {2015},
  publisher    = {Microsoft Corporation},
  howpublished = {Software}
}

@misc{jetBrains,
  title        = {{JetBrains}},
  author       = {{JetBrains s.r.o.}},
  year         = {2000},
  publisher    = {JetBrains s.r.o.},
  howpublished = {Software Company}
}

@misc{love2d,
  title        = {{LÖVE}},
  author       = {{LÖVE Development Team}},
  year         = {2008},
  publisher    = {LÖVE Development Team},
  howpublished = {Game Framework}
}

@misc{godot,
  title        = {Godot Engine},
  author       = {{Godot Engine Development Team}},
  year         = {2014},
  publisher    = {Godot Engine Foundation},
  howpublished = {Game Engine}
}



% -----------------------
%   PAPERS  /BOOKS
% -----------------------

@misc{gameplayDesignPatterns,
    title        = "Gameplay Design Patterns",
    author       = {Staffan Björk, Jussi Holopainen},
    howpublished = "http://virt10.itu.chalmers.se",
    note         = "Acessed: 2024-10-22",
}

@misc{sweetser2017gameflow,
    title = {GameFlow in Different Game Genres and Platforms},
    author = {Sweetser, Penelope and Johnson, Daniel and Wyeth, Peta and Anwar, Aiman and Meng, Yan and Ozdowska, Anne},
    issn = {1544-3574},
    journal = {Computers in Entertainment},
    pages = {1--24},
    volume = {15},
    publisher = {Association for Computing Machinery},
    number = {3},
    year = {2017},
    copyright = {Copyright Association for Computing Machinery Fall 2017},
    language = {eng},
    address = {New York},
    keywords = {Computer & video games ; Game theory ; Games ; Heuristic ; Platforms ; Real time ; Smartphones ; Social interaction ; Studies},
}

@article{björk2015game,
    title        = {Game research methods: An overview},
    author       = {Lankoski, Patri and Bj{\"o}rk, Staffan and others},
    year         = {2015},
    journal      = "",
    publisher    = {Lulu.com}
}

@article{björk2015Interviews,
    title        = {Game research methods: An overview},
    author       = {Lankoski, Patri and Bj{\"o}rk, Staffan and others},
    journal      = "",
    pages        = "93--116",
    year         = {2015}
}

@article{björk2015DataVisualization,
    title        = {Game research methods: An overview},
    author       = {Lankoski, Patri and Bj{\"o}rk, Staffan and others},
    journal      = "",
    pages        = "231--250",
    year         = {2015}
}

@article{ajish2017,
    title        = {Software Data Visualization (A Research Report)},
    author       = {Ajish Manoharan},
    journal      = "",
    pages        = "231--250",
    year         = {2017},
    month        = {May}
}

@inproceedings{hunicke2004mda,
    title        = {MDA: A formal approach to game design and game research},
    author       = {Hunicke, Robin and LeBlanc, Marc and Zubek, Robert and others},
    booktitle    = {Proceedings of the AAAI Workshop on Challenges in Game AI},
    volume       = {4},
    number       = {1},
    pages        = {1722},
    year         = {2004},
    organization = {San Jose, CA}
}

@article{li2002zipf,
    title={Zipf's Law everywhere.},
    author={Li, Wentian},
    journal={Glottometrics},
    volume={5},
    number={2002},
    pages={14--21},
    year={2002},
    publisher={L{\"u}edenscheid}
}



%   GENRE STUDIES

@book{crawford1984art,
    title        = {The Art of Computer Game Design},
    author       = {Crawford, Chris},
    year         = {1984},
    publisher    = {McGraw-Hill Osborne Media},
    address      = {Berkeley, CA},
    note         = {First game genre definitions}
}

@incollection{wolf2002genre,
    title        = {Genre and the Video Game},
    author       = {Wolf, Mark JP},
    booktitle    = {The medium of the video game},
    pages        = {113--134},
    year         = {2002},
    publisher    = {University of Texas Press}
}

@article{apperley2006genre,
    title        = {Genre and game studies: Toward a critical approach to video game genres},
    author       = {Apperley, Thomas H},
    journal      = {Simulation \& gaming},
    volume       = {37},
    number       = {1},
    pages        = {6--23},
    year         = {2006},
    publisher    = {Sage Publications Sage CA: Thousand Oaks, CA}
}

@article{arsenault2009,
    title        = {Video game genre, evolution and innovation},
    author       = {Arsenault, Dominic},
    journal      = {Eludamos: Journal for computer game culture},
    volume       = {3},
    number       = {2},
    year         = {2009},
    DOI          = {10.7557/23.6003},
}

@article{lee2014facet,
    title        = {Facet analysis of video game genres},
    author       = {Lee, Jin Ha and Karlova, Natascha and Clarke, Rachel Ivy and Thornton},
    journal      = {IConference 2014 Proceedings},
    year         = {2014},
    publisher    = {iSchools},
    note         = {Proposes a new framework for improved intellectual access to video games along multiple dimensions}
}

@article{starosta2024tangled,
    title        = {The tangled ways to classify games: A systematic review of how games are classified in psychological research},
    author       = {Starosta, Jolanta and Kiszka, Patrycja and Szyszka, Paulina Daria and Starzec, Sylwia and Strojny, Pawe{\l}},
    journal      = {PLoS one},
    volume       = {19},
    number       = {6},
    pages        = {e0299819},
    year         = {2024},
    publisher    = {Public Library of Science San Francisco, CA USA}
}

@article{iglesias2020,
    title        = {Making Sense of Genre: The Logic of Video Game Genre Organization},
    author       = {Juan J. Vargas-Iglesias},
    journal      = {Games and Culture},
    volume       = {15},
    number       = {2},
    pages        = {158-178},
    year         = {2020},
    doi          = {10.1177/1555412017751803},
    URL          = {https://doi.org/10.1177/1555412017751803},
    eprint       = {https://doi.org/10.1177/1555412017751803},
}

@article{malliet2005history,
    title        = {The history of the video game},
    author       = {Malliet, Steven and De Meyer, Gust},
    journal      = {Handbook of computer game studies},
    pages        = {23--45},
    year         = {2005},
    publisher    = {MIT Press Cambridge, MA}
}



%   GAME ENGINES

@article{lowood2014gameEngines,
    title        = {Game engines and game history},
    author       = {Lowood, Henry},
    journal      = {Kinephanos. Revue d'{\'e}tudes des m{\'e}dias et de culture populaire},
    pages        = {179--198},
    year         = {2014}
}

@book{gregory2018gameEngineArchitecture,
    title={Game engine architecture},
    author={Gregory, Jason},
    year={2018},
    publisher={AK Peters/CRC Press}
}



% PROCEDURAL GENERATION

@article{van2013procedural,
  title={Procedural generation of dungeons},
  author={Van Der Linden, Roland and Lopes, Ricardo and Bidarra, Rafael},
  journal={IEEE Transactions on Computational Intelligence and AI in Games},
  volume={6},
  number={1},
  pages={78--89},
  year={2013},
  publisher={IEEE}
}